% This file was created with JabRef 2.9.2.
% Encoding: Cp1252

@INPROCEEDINGS{genersch2010honey,
  author = {Genersch, E},
  title = {Honey bee pathology: current threats to honey bees and beekeeping},
  booktitle = {Applied Microbiology \& Biotechnology},
  year = {2010},
  volume = {87},
  file = {:http\://site.xavier.edu/Blairb/sustainable-agriculture-2/honey-bees/honey_bee_pathology_current.pdf:URL},
  owner = {s},
  timestamp = {2013.07.13}
}

@ELECTRONIC{tautz2013bee,
  author = {Jürgen Tautz},
  year = {2013},
  title = {HOneyBee Online Studies},
  url = {http://www.hobos.de},
  owner = {s},
  timestamp = {2013.07.13}
}

@BOOK{tautz2007phaenomen,
  title = {Ph{\"a}nomen Honigbiene},
  publisher = {Spektrum Akademischer Verlag},
  year = {2007},
  author = {Tautz, J. and Heilmann, H.R.},
  series = {Sachbuch (Spectrum Akademischer Verlag)},
  isbn = {9783827418456},
  owner = {s},
  timestamp = {2013.07.13}
}

