% This file was created with JabRef 2.6.
% Encoding: Cp1252

@INPROCEEDINGS{genersch2010honey,
  author = {Genersch, E},
  title = {Honey bee pathology: current threats to honey bees and beekeeping},
  booktitle = {Applied Microbiology \& Biotechnology},
  year = {2010},
  volume = {87},
  file = {:http\://site.xavier.edu/Blairb/sustainable-agriculture-2/honey-bees/honey_bee_pathology_current.pdf:URL},
  owner = {s},
  timestamp = {2013.07.13}
}

@BOOK{kiczales1997aspect,
  title = {Aspect-oriented programming},
  publisher = {Springer},
  year = {1997},
  author = {Kiczales, Gregor and Lamping, John and Mendhekar, Anurag and Maeda,
	Chris and Lopes, Cristina and Loingtier, Jean-Marc and Irwin, John},
  owner = {Frank},
  timestamp = {2013.08.07}
}

@BOOK{laddad2003aspectj,
  title = {AspectJ in action: practical aspect-oriented programming},
  publisher = {Manning Greenwich},
  year = {2003},
  author = {Laddad, Ramnivas},
  volume = {512},
  owner = {Frank},
  timestamp = {2013.08.07}
}

@ELECTRONIC{tautz2013bee,
  author = {Jürgen Tautz},
  year = {2013},
  title = {HOneyBee Online Studies},
  url = {http://www.hobos.de},
  owner = {s},
  timestamp = {2013.07.13}
}

@BOOK{tautz2007phaenomen,
  title = {Ph{\"a}nomen Honigbiene},
  publisher = {Spektrum Akademischer Verlag},
  year = {2007},
  author = {Tautz, J. and Heilmann, H.R.},
  series = {Sachbuch (Spectrum Akademischer Verlag)},
  isbn = {9783827418456},
  owner = {s},
  timestamp = {2013.07.13}
}

